@inproceedings{haihong2017research,
  title={GAI: A Centralized Tree-Based Scheduler for Machine Learning Workload in Large Shared Clusters},
  author={Ce Gao, Ren Rui and Hongming Cai},
  booktitle={International Conference on Algorithms and Architectures for Parallel Processing},
  year={2018},
  organization={Springer}
}
